@inproceedings{sutheebanjard2010modified,
  title={A modified recursive xy cut algorithm for solving block ordering problems},
  author={Sutheebanjard, Phaisarn and Premchaiswadi, Wichian},
  booktitle={Computer Engineering and Technology (ICCET), 2010 2nd International Conference on},
  volume={3},
  pages={V3--307},
  year={2010},
  organization={IEEE}
}

@inproceedings{beel2010sciplore,
  title={SciPlore Xtract: extracting titles from scientific PDF documents by analyzing style information (font size)},
  author={Beel, J{\"o}ran and Gipp, Bela and Shaker, Ammar and Friedrich, Nick},
  booktitle={International Conference on Theory and Practice of Digital Libraries},
  pages={413--416},
  year={2010},
  organization={Springer}
}

@inproceedings{han2003automatic,
  title={Automatic document metadata extraction using support vector machines},
  author={Han, Hui and Giles, C Lee and Manavoglu, Eren and Zha, Hongyuan and Zhang, Zhenyue and Fox, Edward A},
  booktitle={Digital Libraries, 2003. Proceedings. 2003 Joint Conference on},
  pages={37--48},
  year={2003},
  organization={IEEE}
}

@article{kovavcevic2011automatic,
  title={Automatic extraction of metadata from scientific publications for CRIS systems},
  author={Kova{\v{c}}evi{\'c}, Aleksandar and Ivanovi{\'c}, Dragan and Milosavljevi{\'c}, Branko and Konjovi{\'c}, Zora and Surla, Du{\v{s}}an},
  journal={Program},
  volume={45},
  number={4},
  pages={376--396},
  year={2011},
  publisher={Emerald Group Publishing Limited}
}

@article{tkaczyk2015cermine,
  title={CERMINE: automatic extraction of structured metadata from scientific literature},
  author={Tkaczyk, Dominika and Szostek, Pawe{\l} and Fedoryszak, Mateusz and Dendek, Piotr Jan and Bolikowski, {\L}ukasz},
  journal={International Journal on Document Analysis and Recognition (IJDAR)},
  volume={18},
  number={4},
  pages={317--335},
  year={2015},
  publisher={Springer}
}

@inproceedings{lopez2009grobid,
  title={GROBID: Combining automatic bibliographic data recognition and term extraction for scholarship publications},
  author={Lopez, Patrice},
  booktitle={International Conference on Theory and Practice of Digital Libraries},
  pages={473--474},
  year={2009},
  organization={Springer}
}

@inproceedings{councill2008parscit,
  title={ParsCit: an Open-source CRF Reference String Parsing Package.},
  author={Councill, Isaac G and Giles, C Lee and Kan, Min-Yen},
  booktitle={LREC},
  volume={2008},
  year={2008}
}

@article{luong2012logical,
  title={Logical structure recovery in scholarly articles with rich document features},
  author={Luong, Minh-Thang and Nguyen, Thuy Dung and Kan, Min-Yen},
  journal={Multimedia Storage and Retrieval Innovations for Digital Library Systems},
  volume={270},
  year={2012},
  publisher={IGI Global}
}

@article{peng2006information,
  title={Information extraction from research papers using conditional random fields},
  author={Peng, Fuchun and McCallum, Andrew},
  journal={Information processing \& management},
  volume={42},
  number={4},
  pages={963--979},
  year={2006},
  publisher={Elsevier}
}

@inproceedings{lipinski2013evaluation,
  title={Evaluation of header metadata extraction approaches and tools for scientific PDF documents},
  author={Lipinski, Mario and Yao, Kevin and Breitinger, Corinna and Beel, Joeran and Gipp, Bela},
  booktitle={Proceedings of the 13th ACM/IEEE-CS joint conference on Digital libraries},
  pages={385--386},
  year={2013},
  organization={ACM}
}

@article{tkaczyk2014grotoap2,
  title={GROTOAP2-the methodology of creating a large ground truth dataset of scientific articles},
  author={Tkaczyk, Dominika and Szostek, Pawel and Bolikowski, Lukasz},
  journal={D-Lib Magazine},
  volume={20},
  number={11/12},
  year={2014},
  publisher={Corporation for National Research Initiatives}
}

@article{goldberg2016primer,
  title={A primer on neural network models for natural language processing},
  author={Goldberg, Yoav},
  journal={Journal of Artificial Intelligence Research},
  volume={57},
  pages={345--420},
  year={2016}
}

@article{collobert2011natural,
  title={Natural language processing (almost) from scratch},
  author={Collobert, Ronan and Weston, Jason and Bottou, L{\'e}on and Karlen, Michael and Kavukcuoglu, Koray and Kuksa, Pavel},
  journal={Journal of Machine Learning Research},
  volume={12},
  number={Aug},
  pages={2493--2537},
  year={2011}
}

@misc{moen2013distributional,
  title={Distributional semantics resources for biomedical text processing},
  author={Moen, SPFGH and Ananiadou, Tapio Salakoski2 Sophia},
  year={2013},
  publisher={LBM}
}

@article{huang2015bidirectional,
  title={Bidirectional LSTM-CRF models for sequence tagging},
  author={Huang, Zhiheng and Xu, Wei and Yu, Kai},
  journal={arXiv preprint arXiv:1508.01991},
  year={2015}
}

@article{chiu2015named,
  title={Named entity recognition with bidirectional LSTM-CNNs},
  author={Chiu, Jason PC and Nichols, Eric},
  journal={arXiv preprint arXiv:1511.08308},
  year={2015}
}

@article{lample2016neural,
  title={Neural architectures for named entity recognition},
  author={Lample, Guillaume and Ballesteros, Miguel and Subramanian, Sandeep and Kawakami, Kazuya and Dyer, Chris},
  journal={arXiv preprint arXiv:1603.01360},
  year={2016}
}

@article{ma2016end,
  title={End-to-end sequence labeling via bi-directional lstm-cnns-crf},
  author={Ma, Xuezhe and Hovy, Eduard},
  journal={arXiv preprint arXiv:1603.01354},
  year={2016}
}

@inproceedings{graves2013hybrid,
  title={Hybrid speech recognition with deep bidirectional LSTM},
  author={Graves, Alex and Jaitly, Navdeep and Mohamed, Abdel-rahman},
  booktitle={Automatic Speech Recognition and Understanding (ASRU), 2013 IEEE Workshop on},
  pages={273--278},
  year={2013},
  organization={IEEE}
}

@article{strubell2017fast,
  title={Fast and Accurate Sequence Labeling with Iterated Dilated Convolutions},
  author={Strubell, Emma and Verga, Patrick and Belanger, David and McCallum, Andrew},
  journal={arXiv preprint arXiv:1702.02098},
  year={2017}
}

@article{kingma2014adam,
  title={Adam: A method for stochastic optimization},
  author={Kingma, Diederik and Ba, Jimmy},
  journal={arXiv preprint arXiv:1412.6980},
  year={2014}
}

@inproceedings{glorot2010understanding,
  title={Understanding the difficulty of training deep feedforward neural networks.},
  author={Glorot, Xavier and Bengio, Yoshua},
  booktitle={Aistats},
  volume={9},
  pages={249--256},
  year={2010}
}